@article{SayanoAccidentUpdate,
    author = "Hamill, Frank A.",
    title = "Sayano Shushenskaya 2009 Accident Update",
    journal = "Hydrolink",
    publisher = "International Association for Hydro-Environment Engineering and Research",
    year = "2020",
    DOI = "https://static.iahr.org/upload/file/20200703/1593762853369684.pdf"
}

@online{sayanoDam,
    author = "ilikese.com",
    title = "Sayano-Shushenskaya Dam",
    url = "https://www.ilikese.com/industry/energy/power-station/hydro/sayano-shushenskaya-dam/#:~:text=The%20plant%20is%20operated%20by%20RusHydro.%20The%20plant,of%20640%20MW%20at%20194-metre%20%28636%20ft%29%20head"
}

@article{htgc,
    author = "Culberg, J and Negnevitsky, Michael and Muttaqi, Kashem M.",
    title = "Hydro-turbine governor control: theory, techniques and limitations",
    journal = "Australasian Universities Power Engineering Conference",
    year = "2006",
    DOI = "https://ro.uow.edu.au/cgi/viewcontent.cgi?referer=&httpsredir=1&article=5426&context=eispapers"
}

@online{sayWiki,
    author = "Wikipedia",
    title = "2009 Sayano-Shushenskaya power station accident",
    url = "https://en.wikipedia.org/wiki/2009_Sayano-Shushenskaya_power_station_accident"
}


@online{sluiceGate,
    author = "The Engineering Toolbox",
    title = "Sluic Gate Flow Measurements",
    url = "https://www.engineeringtoolbox.com/sluice-gate-flow-measurement-d_591.html"
}

@online{SayanoRes,
    author = "Clever Geek",
    title = "Sayano-Shushenskoe reservoir",
    url = "https://clever-geek.imtqy.com/articles/381869/index.html"
}

@online{bhakraDam,
    author="Wikipedia",
    title="Bhakra Dam",
    url="https://en.wikipedia.org/wiki/Bhakra_Dam"
}